

@inproceedings{5:mvcp,
	title={GENESIS: A system for using genetic search procedures},
	author={Grefenstette, J},
	year={1984},
	keywords={english}
}

@article{1:misp,
	title={GENEsYs 1.0. Software distribution},
	author={Thomas Back},
	journal={Systems Analysis Research Group, LSXI, University of Dortmund, Germany},
	year={1992},
	keywords={english}
}

@book{2:misp,
	title={Software distribution},
	author={Thomas Back},
	year={1992},
	keywords={english}
}

@book{shamoon,
	title={أسرع من سرعة الضوء},
	author={نضال شمعون},
	publisher={منشورات المعهد العالي للعلوم التطبيقية والتكنولوجيا},
	year={1580},
	keywords={arabic}
}

@misc{kouba,
	title={مقدمة في نظرية القياس},
	author={عمران قوبا},
	year={2000},
	publisher={منشورات المعهد العالي للعلوم التطبيقية والتكنولوجيا},
	keywords={arabic}
}

